@Book{russel09:_artif_intel_moder_approac_edition,
  author =    {Stuart Russel, Peter Norvig},
  title =        {Artificial Intelligence a Modern Approach 2nd Edition},
  publisher =    {Pearson},
  year =         2009,
}

@Book{winston04:_artif_intel,
  author =    {Patrick Henry Winston},
  title =        {Artificial Intelligence 3rd Edition},
  publisher =    {Pearson Education},
  year =         2004
}



@misc{website:wikipedia_mfcc,
      author = "Wikipedia Inc.",
      title = "Mel-frequency cepstrum",
      month = "January",
      year = 2016,
      url = "https://en.wikipedia.org/wiki/Mel-frequency_cepstrum"
}

@misc{website:wikipedia_sr,
      author = "Wikipedia Inc.",
      title = "Speech Recognition",
      month = "February",
      year = 2016,
      url = "https://en.wikipedia.org/wiki/Speech_recognition"
}

@misc{website:practicalcryptography,
      title = "Mel Frequency Cepstral Coefficient (MFCC) tutorial",
      month = "may",
      year = 2013,
      url = "http://practicalcryptography.com/miscellaneous/machine-learning/guide-mel-frequency-cepstral-coefficients-mfccs/"
}

@misc{website:training_nn_sr,
      title = "Training Neural Networks for Speech Recognition",
      month = "January",
      year = 1998,
      url = "http://www.cslu.ogi.edu/toolkit/old/userguide/nnet_training/tutorial.html"
}

@misc{website:wikipedia_ep,
      author = "Wikipedia Inc.",
      title = "English phonology",
      month = "October",
      year = 2015,
      url="https://en.wikipedia.org/wiki/English_phonology"
}
